% This file was created with JabRef 2.4.2.
% Encoding: UTF8

@book{wittwer2007dokumentenmanagementsysteme,
	title={Dokumentenmanagementsysteme und deren Einf{\"u}hrung in einem Unternehmen},
	author={Wittwer, D.},
	isbn={9783638696876},
	url={https://books.google.de/books?id=5p\_uenc03u0C},
	year={2007},
	publisher={GRIN Verlag}
}

@misc{Bundesgesetzblatt48,
	title = {Verordnung über die Berufsausbildung im Bereich der Informations- und Telekommunikationstechnik},
	url = {http://fiae.link/VerordnungITBerufe},
	author = {{Regierung der Bundesrepublik Deutschland}},
	month = jul,
	year = {1997},
	pages = {1741--1799}
}

@book{goetzer2013dokumenten,
	title={Dokumenten-Management: Informationen im Unternehmen effizient nutzen},
	author={G{\"o}tzer, K. and Maier, B. and Schmale, R. and Rehbock, K.},
	isbn={ce2832601a02bd613688d82957bdde0f},
	url={https://books.google.de/books?id=vXU0mgEACAAJ},
	year={2013},
	publisher={dpunkt. Verlag}
}

@book{gulbins2013dokumenten,
	title={Dokumenten-Management: Vom Imaging zum Business-Dokument},
	author={Gulbins, J. and Seyfried, M. and Strack-Zimmermann, H.},
	isbn={9783642561863},
	series={Xpert.press},
	url={https://books.google.de/books?id=wR0fBgAAQBAJ},
	year={2013},
	publisher={Springer Berlin Heidelberg}
}

@techreport{BMBF2000,
	address = {Bonn},
	type = {Abschlussbericht},
	title = {Umsetzungshilfen für die neue Prüfungsstruktur der {IT-Berufe}},
	shorttitle = {{BMBF2000}},
	url = {http://fiae.link/UmsetzungshilfenITBerufe},
	author = {{Bundesministerium für Bildung und Forschung}},
	institution = {{Bundesministerium für Bildung und Forschung}},
	month = jul,
	year = {2000},
	pages = {476}
}

@techreport{Grashorn2010,
	address = {Vechta},
	type = {Dokumentation zur Projektarbeit},
	title = {Entwicklung von NatInfo -- Webbasiertes Tool zur Unterstützung der Entwickler},
	author = {Dirk Grashorn},
	institution = {{Alte Oldenburger Krankenversicherung AG}},
	month = apr,
	year = {2010},
}

@misc{MerkblattIHK,
	address = {Oldenburg},
	title = {Merkblatt zur Abschlussprüfung der IT-Berufe},
	author = {{IHK Oldenburg}},
	institution = {{Oldenburgische Industrie- und Handelskammer}},
	month = may,
	year = {2006},
	url = {http://fiae.link/MerkblattDokuOldenburg},
}

@misc{BewertungsmatrikIHK,
	address = {Darmstadt},
	title = {Bewertungsmatrix für Fachinformatiker/innen Anwendungsentwicklung},
	author = {{IHK Darmstadt}},
	institution = {{IHK Darmstadt Rhein Main Neckar}},
	month = mar,
	year = {2011},
	url = {http://fiae.link/BewertungsmatrixDokuDarmstadt},
}

@misc{ISO9126,
	title = {{Software-Engineering} – Qualität von {Software-Produkten} – Teil 1: Qualitätsmodell},
	author = {{ISO/IEC 9126-1}},
	month = jun,
	year = {2001}
}

@BOOKLET{phpDoc,
  title = {{phpDocumentor-Website}},
  author = {{phpdoc.org}},
  lastchecked = {20.04.2010},
  year = {2010},
  owner = {grashorn},
  timestamp = {2010.04.22},
  url = {http://www.phpdoc.org/}
}

@BOOKLET{Symfony,
  title = {Symfony - Open-Source PHP Web Framework},
  author = {{Sensio Labs}},
  lastchecked = {20.04.2010},
  year = {2010},
  owner = {grashorn},
  timestamp = {2010.04.22},
  url = {http://www.symfony-project.org/}
}
  
@BOOKLET{Duden,
  title = {Duden},
  author = {{Website des Dudenverlags}},
  lastchecked = {02.05.2019},
  year = {2019},
  owner = {Dudenverlag},
  timestamp = {2019.05.02},
  url = {https://www.duden.de/rechtschreibung/Dokument}
}

@BOOKLET{agoruminstallation,
	title = {agorum wiki},
	author = {{agorum wiki}},
	lastchecked = {29.04.2019},
	year = {2019},
	owner = {agorum},
	timestamp = {2015.06.18},
	url = {https://www.agorum.com/wiki/index.php/Installationsprozess}
}
